<record><leader>00000cas a2200000 a 4500</leader><controlfield tag="001">13376994</controlfield><controlfield tag="008">860402d18381849tnuir ne      0    0eng  </controlfield><controlfield tag="009">466</controlfield><datafield ind1=" " ind2=" " tag="010"><subfield code="a">sn 86071273 </subfield></datafield><datafield ind1=" " ind2=" " tag="040"><subfield code="a">DLC</subfield><subfield code="b">eng</subfield><subfield code="c">DLC</subfield><subfield code="d">NPX</subfield><subfield code="d">KNP</subfield><subfield code="d">TGN</subfield><subfield code="d">OCL</subfield><subfield code="d">OCLCO</subfield><subfield code="d">OCLCA</subfield><subfield code="d">OCLCF</subfield></datafield><datafield ind1="1" ind2=" " tag="029"><subfield code="a">AU@</subfield><subfield code="b">000020128006</subfield></datafield><datafield ind1=" " ind2=" " tag="042"><subfield code="a">msc</subfield></datafield><datafield ind1="0" ind2="0" tag="050"><subfield code="a">Newspaper 9875</subfield></datafield><datafield ind1="0" ind2=" " tag="130"><subfield code="a">Nashville Whig (Nashville, Tenn. : 1838 : Triweekly)</subfield></datafield><datafield ind1="0" ind2="0" tag="245"><subfield code="a">Nashville Whig.</subfield></datafield><datafield ind1=" " ind2=" " tag="260"><subfield code="a">Nashville, Tenn. :</subfield><subfield code="b">C.C. Norvell,</subfield><subfield code="c">1838-1849.</subfield></datafield><datafield ind1=" " ind2=" " tag="300"><subfield code="a">v. :</subfield><subfield code="b">ill. (chiefly advertisements) ;</subfield><subfield code="c">54-59 cm.</subfield></datafield><datafield ind1=" " ind2=" " tag="310"><subfield code="a">Three times a week</subfield></datafield><datafield ind1="0" ind2=" " tag="362"><subfield code="a">Vol. 1, no. 1 (Jan. 6, 1838)-v. 11, no. 1726 (Mar. 31, 1849).</subfield></datafield><datafield ind1=" " ind2=" " tag="500"><subfield code="a">Publishers: C.C. Norvell, 1838; B.R. M'Kennie, 1838-1845; B.R. M'Kennie &amp; Co., 1845-1847; B.R. M'Kennie, 1847-1849.</subfield></datafield><datafield ind1=" " ind2=" " tag="500"><subfield code="a">Editors: C.C. Norvell, 1838-1845; Allen A. Hall, 1845-1849.</subfield></datafield><datafield ind1=" " ind2=" " tag="530"><subfield code="a">Available on microfilm from Tennessee State Library and Archives.</subfield></datafield><datafield ind1=" " ind2=" " tag="580"><subfield code="a">Split into: Nashville true Whig (Nashville, Tenn. : 1849 : Triweekly), and: Republican banner and Nashville Whig.</subfield></datafield><datafield ind1=" " ind2="0" tag="651"><subfield code="a">Davidson County (Tenn.)</subfield><subfield code="v">Newspapers.</subfield></datafield><datafield ind1=" " ind2="0" tag="651"><subfield code="a">Nashville (Tenn.)</subfield><subfield code="v">Newspapers.</subfield></datafield><datafield ind1=" " ind2="7" tag="655"><subfield code="a">Newspapers.</subfield><subfield code="2">fast</subfield><subfield code="0">(OCoLC)fst01423814</subfield></datafield><datafield ind1=" " ind2="7" tag="651"><subfield code="a">Tennessee</subfield><subfield code="z">Davidson County.</subfield><subfield code="2">fast</subfield><subfield code="0">(OCoLC)fst01205346</subfield></datafield><datafield ind1=" " ind2="7" tag="651"><subfield code="a">Tennessee</subfield><subfield code="z">Nashville.</subfield><subfield code="2">fast</subfield><subfield code="0">(OCoLC)fst01204195</subfield></datafield><datafield ind1=" " ind2=" " tag="752"><subfield code="a">United States</subfield><subfield code="b">Tennessee</subfield><subfield code="c">Davidson</subfield><subfield code="d">Nashville.</subfield></datafield><datafield ind1="0" ind2=" " tag="775"><subfield code="t">Nashville Whig (Nashville, Tenn. : 1838 : Daily)</subfield><subfield code="w">(DLC)sn 86071272</subfield></datafield><datafield ind1="0" ind2=" " tag="775"><subfield code="t">Nashville Whig (Nashville, Tenn. : 1838 : Weekly)</subfield><subfield code="w">(DLC)sn 86053521</subfield></datafield><datafield ind1="0" ind2=" " tag="775"><subfield code="t">Politician (Nashville, Tenn.)</subfield><subfield code="w">(DLC)sn 84024446</subfield></datafield><datafield ind1="0" ind2=" " tag="775"><subfield code="t">Politician and weekly Nashville Whig</subfield><subfield code="w">(DLC)sn 84024447</subfield></datafield><datafield ind1="1" ind2="6" tag="785"><subfield code="t">Nashville true Whig (Nashville, Tenn. : 1849 : Triweekly)</subfield><subfield code="w">(DLC)sn 86071222</subfield></datafield><datafield ind1="1" ind2="6" tag="785"><subfield code="t">Republican banner and Nashville Whig</subfield><subfield code="w">(DLC)sn 86053525</subfield></datafield></record>